TO ADD:

Gao \& White 2007
Gao, Springel, \& White 2005
Wechsler06
Croton07
Dalal08
Tinker08
Lacerna \& Padilla 2011
Zetner07
Hahn09

@INPROCEEDINGS{Bigelow03,
   author = {{Bigelow}, B.~C. and {Dressler}, A.~M.},
    title = "{IMACS, the multiobject spectrograph and imager for Magellan: a status report}",
booktitle = {Society of Photo-Optical Instrumentation Engineers (SPIE) Conference Series},
     year = 2003,
   series = {Society of Photo-Optical Instrumentation Engineers (SPIE) Conference Series},
   volume = 4841,
   editor = {{Iye}, M. and {Moorwood}, A.~F.~M.},
    month = mar,
    pages = {1727-1738},
      doi = {10.1117/12.461870},
   adsurl = {http://adsabs.harvard.edu/abs/2003SPIE.4841.1727B},
  adsnote = {Provided by the SAO/NASA Astrophysics Data System}
}

@ARTICLE{Bray16,
   author = {{Bray}, A.~D. and {Pillepich}, A. and {Sales}, L.~V. and {Zhu}, E. and 
	{Genel}, S. and {Rodriguez-Gomez}, V. and {Torrey}, P. and {Nelson}, D. and 
	{Vogelsberger}, M. and {Springel}, V. and {Eisenstein}, D.~J. and 
	{Hernquist}, L.},
    title = "{Modelling galactic conformity with the colour-halo age relation in the Illustris simulation}",
  journal = {\mnras},
archivePrefix = "arXiv",
   eprint = {1508.05393},
 keywords = {galaxies: formation, galaxies: haloes, cosmology: theory, dark matter},
     year = 2016,
    month = jan,
   volume = 455,
    pages = {185-198},
      doi = {10.1093/mnras/stv2316},
   adsurl = {http://adsabs.harvard.edu/abs/2016MNRAS.455..185B},
  adsnote = {Provided by the SAO/NASA Astrophysics Data System}
}

@ARTICLE{Brinchmann04,
   author = {{Brinchmann}, J. and {Charlot}, S. and {White}, S.~D.~M. and {Tremonti}, C. and {Kauffmann}, G. and {Heckman}, T. and {Brinkmann}, J.},
    title = "{The physical properties of star-forming galaxies in the low-redshift Universe}",
  journal = {\mnras},
   eprint = {arXiv:astro-ph/0311060},
 keywords = {surveys, galaxies: abundances, galaxies: evolution, galaxies: fundamental parameters, galaxies: general},
     year = 2004,
    month = jul,
   volume = 351,
    pages = {1151},
      doi = {10.1111/j.1365-2966.2004.07881.x},
   adsurl = {http://adsabs.harvard.edu/abs/2004MNRAS.351.1151B},
  adsnote = {Provided by the SAO/NASA Astrophysics Data System}
}

@ARTICLE{Coil11,
   author = {{Coil}, A.~L. and {Blanton}, M.~R. and {Burles}, S.~M. and {Cool}, R.~J. and 
	{Eisenstein}, D.~J. and {Moustakas}, J. and {Wong}, K.~C. and 
	{Zhu}, G. and {Aird}, J. and {Bernstein}, R.~A. and {Bolton}, A.~S. and 
	{Hogg}, D.~W.},
    title = "{The PRIsm MUlti-object Survey (PRIMUS). I. Survey Overview and Characteristics}",
  journal = {\apj},
archivePrefix = "arXiv",
   eprint = {1011.4307},
 keywords = {galaxies: distances and redshifts, galaxies: evolution, galaxies: high-redshift, large-scale structure of universe, surveys},
     year = 2011,
    month = nov,
   volume = 741,
      eid = {8},
    pages = {8},
      doi = {10.1088/0004-637X/741/1/8},
   adsurl = {http://adsabs.harvard.edu/abs/2011ApJ...741....8C},
  adsnote = {Provided by the SAO/NASA Astrophysics Data System}
}

@ARTICLE{Coil08,
   author = {{Coil}, A.~L. and {Newman}, J.~A. and {Croton}, D. and {Cooper}, M.~C. and 
	{Davis}, M. and {Faber}, S.~M. and {Gerke}, B.~F. and {Koo}, D.~C. and 
	{Padmanabhan}, N. and {Wechsler}, R.~H. and {Weiner}, B.~J.},
    title = "{The DEEP2 Galaxy Redshift Survey: Color and Luminosity Dependence of Galaxy Clustering at z\~{}1}",
  journal = {\apj},
archivePrefix = "arXiv",
   eprint = {0708.0004},
 keywords = {Galaxies: Evolution, Galaxies: High-Redshift, Cosmology: Large-Scale Structure of Universe},
     year = 2008,
    month = jan,
   volume = 672,
    pages = {153-176},
      doi = {10.1086/523639},
   adsurl = {http://adsabs.harvard.edu/abs/2008ApJ...672..153C},
  adsnote = {Provided by the SAO/NASA Astrophysics Data System}
}

@ARTICLE{Cool13,
   author = {{Cool}, R.~J. and {Moustakas}, J. and {Blanton}, M.~R. and {Burles}, S.~M. and 
	{Coil}, A.~L. and {Eisenstein}, D.~J. and {Wong}, K.~C. and 
	{Zhu}, G. and {Aird}, J. and {Bernstein}, R.~A. and {Bolton}, A.~S. and 
	{Hogg}, D.~W. and {Mendez}, A.~J.},
    title = "{The PRIsm MUlti-object Survey (PRIMUS). II. Data Reduction and Redshift Fitting}",
  journal = {\apj},
archivePrefix = "arXiv",
   eprint = {1303.2672},
 primaryClass = "astro-ph.CO",
 keywords = {galaxies: distances and redshifts, galaxies: evolution, galaxies: high-redshift, large-scale structure of universe, surveys},
     year = 2013,
    month = apr,
   volume = 767,
      eid = {118},
    pages = {118},
      doi = {10.1088/0004-637X/767/2/118},
   adsurl = {http://adsabs.harvard.edu/abs/2013ApJ...767..118C},
  adsnote = {Provided by the SAO/NASA Astrophysics Data System}
}

@ARTICLE{Coupon09,
   author = {{Coupon}, J. and {Ilbert}, O. and {Kilbinger}, M. and {McCracken}, H.~J. and 
	{Mellier}, Y. and {Arnouts}, S. and {Bertin}, E. and {Hudelot}, P. and 
	{Schultheis}, M. and {Le F{\`e}vre}, O. and {Le Brun}, V. and 
	{Guzzo}, L. and {Bardelli}, S. and {Zucca}, E. and {Bolzonella}, M. and 
	{Garilli}, B. and {Zamorani}, G. and {Zanichelli}, A. and {Tresse}, L. and 
	{Aussel}, H.},
    title = "{Photometric redshifts for the CFHTLS T0004 deep and wide fields}",
  journal = {\aap},
archivePrefix = "arXiv",
   eprint = {0811.3326},
 keywords = {galaxies: distances and redshifts, cosmology: observations, cosmology: large-scale structure of Universe},
     year = 2009,
    month = jun,
   volume = 500,
    pages = {981-998},
      doi = {10.1051/0004-6361/200811413},
   adsurl = {http://adsabs.harvard.edu/abs/2009A%26A...500..981C},
  adsnote = {Provided by the SAO/NASA Astrophysics Data System}
}

@ARTICLE{Croton08,
   author = {{Croton}, D.~J. and {Farrar}, G.~R.},
    title = "{Where do `red and dead' early-type void galaxies come from?}",
  journal = {\mnras},
archivePrefix = "arXiv",
   eprint = {0801.2771},
 keywords = {galaxies: active , galaxies: evolution , galaxies: statistics , large-scale structure of Universe},
     year = 2008,
    month = jun,
   volume = 386,
    pages = {2285},
      doi = {10.1111/j.1365-2966.2008.13204.x},
   adsurl = {http://adsabs.harvard.edu/abs/2008MNRAS.386.2285C},
  adsnote = {Provided by the SAO/NASA Astrophysics Data System}
}

@ARTICLE{Croton06,
   author = {{Croton}, D.~J. and {Springel}, V. and {White}, S.~D.~M. and 
	{De Lucia}, G. and {Frenk}, C.~S. and {Gao}, L. and {Jenkins}, A. and 
	{Kauffmann}, G. and {Navarro}, J.~F. and {Yoshida}, N.},
    title = "{The many lives of active galactic nuclei: cooling flows, black holes and the luminosities and colours of galaxies}",
  journal = {\mnras},
   eprint = {astro-ph/0508046},
 keywords = {black hole physics, galaxies: active, cooling flows, galaxies: evolution, galaxies: formation, cosmology: theory},
     year = 2006,
    month = jan,
   volume = 365,
    pages = {11-28},
      doi = {10.1111/j.1365-2966.2005.09675.x},
   adsurl = {http://adsabs.harvard.edu/abs/2006MNRAS.365...11C},
  adsnote = {Provided by the SAO/NASA Astrophysics Data System}
}

@ARTICLE{Croton05,
   author = {{Croton}, D.~J. and {Farrar}, G.~R. and {Norberg}, P. and {Colless}, M. and 
	{Peacock}, J.~A. and {Baldry}, I.~K. and {Baugh}, C.~M. and 
	{Bland-Hawthorn}, J. and {Bridges}, T. and {Cannon}, R. and 
	{Cole}, S. and {Collins}, C. and {Couch}, W. and {Dalton}, G. and 
	{De Propris}, R. and {Driver}, S.~P. and {Efstathiou}, G. and 
	{Ellis}, R.~S. and {Frenk}, C.~S. and {Glazebrook}, K. and {Jackson}, C. and 
	{Lahav}, O. and {Lewis}, I. and {Lumsden}, S. and {Maddox}, S. and 
	{Madgwick}, D. and {Peterson}, B.~A. and {Sutherland}, W. and 
	{Taylor}, K.},
    title = "{The 2dF Galaxy Redshift Survey: luminosity functions by density environment and galaxy type}",
  journal = {\mnras},
   eprint = {astro-ph/0407537},
 keywords = {galaxies: luminosity function, mass function, galaxies: statistics, large-scale structure of Universe},
     year = 2005,
    month = jan,
   volume = 356,
    pages = {1155-1167},
      doi = {10.1111/j.1365-2966.2004.08546.x},
   adsurl = {http://adsabs.harvard.edu/abs/2005MNRAS.356.1155C},
  adsnote = {Provided by the SAO/NASA Astrophysics Data System}
}

@INPROCEEDINGS{Davis05,
   author = {{Davis}, M. and {Gerke}, B.~F. and {Newman}, J.~A. and {the Deep2 Team}},
    title = "{Constraining Dark Energy with the DEEP2 Redshift Survey}",
booktitle = {Observing Dark Energy},
     year = 2005,
   series = {Astronomical Society of the Pacific Conference Series},
   volume = 339,
   editor = "{S.~C.~Wolff \& T.~R.~Lauer}",
    month = aug,
    pages = {128},
   adsurl = {http://adsabs.harvard.edu/abs/2005ASPC..339..128D},
  adsnote = {Provided by the SAO/NASA Astrophysics Data System}
}

@INPROCEEDINGS{Davis03,
   author = {{Davis}, M. and {Faber}, S.~M. and {Newman}, J. and {Phillips}, A.~C. and 
	{Ellis}, R.~S. and {Steidel}, C.~C. and {Conselice}, C. and 
	{Coil}, A.~L. and {Finkbeiner}, D.~P. and {Koo}, D.~C. and {Guhathakurta}, P. and 
	{Weiner}, B. and {Schiavon}, R. and {Willmer}, C. and {Kaiser}, N. and 
	{Luppino}, G.~A. and {Wirth}, G. and {Connolly}, A. and {Eisenhardt}, P. and 
	{Cooper}, M. and {Gerke}, B.},
    title = "{Science Objectives and Early Results of the DEEP2 Redshift Survey}",
booktitle = {Society of Photo-Optical Instrumentation Engineers (SPIE) Conference Series},
     year = 2003,
   series = {Society of Photo-Optical Instrumentation Engineers (SPIE) Conference Series},
   volume = 4834,
   eprint = {arXiv:astro-ph/0209419},
   editor = {{Guhathakurta}, P.},
    month = feb,
    pages = {161-172},
      doi = {10.1117/12.457897},
   adsurl = {http://adsabs.harvard.edu/abs/2003SPIE.4834..161D},
  adsnote = {Provided by the SAO/NASA Astrophysics Data System}
}

@ARTICLE{Dekel06,
   author = {{Dekel}, A. and {Birnboim}, Y.},
    title = "{Galaxy bimodality due to cold flows and shock heating}",
  journal = {\mnras},
   eprint = {arXiv:astro-ph/0412300},
 keywords = {shock waves, cooling flows, galaxies: evolution, galaxies: formation, galaxies: haloes, dark matter},
     year = 2006,
    month = may,
   volume = 368,
    pages = {2},
      doi = {10.1111/j.1365-2966.2006.10145.x},
   adsurl = {http://adsabs.harvard.edu/abs/2006MNRAS.368....2D},
  adsnote = {Provided by the SAO/NASA Astrophysics Data System}
}

@ARTICLE{Fazio04,
   author = {{Fazio}, G.~G. and {Hora}, J.~L. and {Allen}, L.~E. and {Ashby}, M.~L.~N. and 
	{Barmby}, P. and {Deutsch}, L.~K. and {Huang}, J.-S. and {Kleiner}, S. and 
	{Marengo}, M. and {Megeath}, S.~T. and {Melnick}, G.~J. and 
	{Pahre}, M.~A. and {Patten}, B.~M. and {Polizotti}, J. and {Smith}, H.~A. and 
	{Taylor}, R.~S. and {Wang}, Z. and {Willner}, S.~P. and {Hoffmann}, W.~F. and 
	{Pipher}, J.~L. and {Forrest}, W.~J. and {McMurty}, C.~W. and 
	{McCreight}, C.~R. and {McKelvey}, M.~E. and {McMurray}, R.~E. and 
	{Koch}, D.~G. and {Moseley}, S.~H. and {Arendt}, R.~G. and {Mentzell}, J.~E. and 
	{Marx}, C.~T. and {Losch}, P. and {Mayman}, P. and {Eichhorn}, W. and 
	{Krebs}, D. and {Jhabvala}, M. and {Gezari}, D.~Y. and {Fixsen}, D.~J. and 
	{Flores}, J. and {Shakoorzadeh}, K. and {Jungo}, R. and {Hakun}, C. and 
	{Workman}, L. and {Karpati}, G. and {Kichak}, R. and {Whitley}, R. and 
	{Mann}, S. and {Tollestrup}, E.~V. and {Eisenhardt}, P. and 
	{Stern}, D. and {Gorjian}, V. and {Bhattacharya}, B. and {Carey}, S. and 
	{Nelson}, B.~O. and {Glaccum}, W.~J. and {Lacy}, M. and {Lowrance}, P.~J. and 
	{Laine}, S. and {Reach}, W.~T. and {Stauffer}, J.~A. and {Surace}, J.~A. and 
	{Wilson}, G. and {Wright}, E.~L. and {Hoffman}, A. and {Domingo}, G. and 
	{Cohen}, M.},
    title = "{The Infrared Array Camera (IRAC) for the Spitzer Space Telescope}",
  journal = {\apjs},
   eprint = {astro-ph/0405616},
 keywords = {Infrared: General, Instrumentation: Detectors, Space Vehicles: Instruments},
     year = 2004,
    month = sep,
   volume = 154,
    pages = {10-17},
      doi = {10.1086/422843},
   adsurl = {http://adsabs.harvard.edu/abs/2004ApJS..154...10F},
  adsnote = {Provided by the SAO/NASA Astrophysics Data System}
}

@INPROCEEDINGS{Furusawa08,
   author = {{Furusawa}, H. and {Kosugi}, G. and {Akiyama}, M. and {Takata}, T. and 
	{Sekiguchi}, K. and {Furusawa}, J.},
    title = "{Subaru/XMM-Newton Deep Survey (SXDS) - Optical Imaging Survey and Photometric Catalogs}",
booktitle = {Panoramic Views of Galaxy Formation and Evolution},
     year = 2008,
   series = {Astronomical Society of the Pacific Conference Series},
   volume = 399,
   editor = {{Kodama}, T. and {Yamada}, T. and {Aoki}, K.},
    month = oct,
    pages = {131},
   adsurl = {http://adsabs.harvard.edu/abs/2008ASPC..399..131F},
  adsnote = {Provided by the SAO/NASA Astrophysics Data System}
}

@ARTICLE{Hartley15,
   author = {{Hartley}, W.~G. and {Conselice}, C.~J. and {Mortlock}, A. and 
	{Foucaud}, S. and {Simpson}, C.},
    title = "{Galactic conformity and central/satellite quenching, from the satellite profiles of M* galaxies at 0.4 $\lt$ z $\lt$ 1.9 in the UKIDSS UDS}",
  journal = {\mnras},
archivePrefix = "arXiv",
   eprint = {1406.6058},
 keywords = {galaxies: evolution, galaxies: formation, galaxies: high-redshift, infrared: galaxies},
     year = 2015,
    month = aug,
   volume = 451,
    pages = {1613-1636},
      doi = {10.1093/mnras/stv972},
   adsurl = {http://adsabs.harvard.edu/abs/2015MNRAS.451.1613H},
  adsnote = {Provided by the SAO/NASA Astrophysics Data System}
}

@ARTICLE{Hearin15b,
   author = {{Hearin}, A.~P. and {Behroozi}, P.~S. and {van den Bosch}, F.~C.},
    title = "{On the Physical Origin of Galactic Conformity}",
  journal = {ArXiv e-prints},
archivePrefix = "arXiv",
   eprint = {1504.05578},
 keywords = {Astrophysics - Cosmology and Nongalactic Astrophysics, Astrophysics - Astrophysics of Galaxies},
     year = 2015,
    month = apr,
   adsurl = {http://adsabs.harvard.edu/abs/2015arXiv150405578H},
  adsnote = {Provided by the SAO/NASA Astrophysics Data System}
}

@ARTICLE{Hearin15a,
   author = {{Hearin}, A.~P. and {Watson}, D.~F. and {van den Bosch}, F.~C.
	},
    title = "{Beyond halo mass: galactic conformity as a smoking gun of central galaxy assembly bias}",
  journal = {\mnras},
archivePrefix = "arXiv",
   eprint = {1404.6524},
 keywords = {galaxies: evolution, galaxies: haloes, cosmology: theory, dark matter, large-scale structure of Universe},
     year = 2015,
    month = sep,
   volume = 452,
    pages = {1958-1969},
      doi = {10.1093/mnras/stv1358},
   adsurl = {http://adsabs.harvard.edu/abs/2015MNRAS.452.1958H},
  adsnote = {Provided by the SAO/NASA Astrophysics Data System}
}

@ARTICLE{HearinWatson13,
   author = {{Hearin}, A.~P. and {Watson}, D.~F.},
    title = "{The dark side of galaxy colour}",
  journal = {\mnras},
archivePrefix = "arXiv",
   eprint = {1304.5557},
 keywords = {galaxies: evolution, galaxies: haloes, cosmology: theory, dark matter, large-scale structure of Universe},
     year = 2013,
    month = oct,
   volume = 435,
    pages = {1313-1324},
      doi = {10.1093/mnras/stt1374},
   adsurl = {http://adsabs.harvard.edu/abs/2013MNRAS.435.1313H},
  adsnote = {Provided by the SAO/NASA Astrophysics Data System}
}

@ARTICLE{Kauffmann15,
   author = {{Kauffmann}, G.},
    title = "{Physical origin of the large-scale conformity in the specific star formation rates of galaxies}",
  journal = {\mnras},
archivePrefix = "arXiv",
   eprint = {1508.02400},
 keywords = {galaxies: active, galaxies: formation, galaxies: stellar content, large-scale structure of Universe},
     year = 2015,
    month = dec,
   volume = 454,
    pages = {1840-1847},
      doi = {10.1093/mnras/stv2113},
   adsurl = {http://adsabs.harvard.edu/abs/2015MNRAS.454.1840K},
  adsnote = {Provided by the SAO/NASA Astrophysics Data System}
}

@ARTICLE{Kauffmann13,
   author = {{Kauffmann}, G. and {Li}, C. and {Zhang}, W. and {Weinmann}, S.},
    title = "{A re-examination of galactic conformity and a comparison with semi-analytic models of galaxy formation}",
  journal = {\mnras},
archivePrefix = "arXiv",
   eprint = {1209.3306},
 keywords = {galaxies: evolution, galaxies: haloes, galaxies: statistics},
     year = 2013,
    month = apr,
   volume = 430,
    pages = {1447-1456},
      doi = {10.1093/mnras/stt007},
   adsurl = {http://adsabs.harvard.edu/abs/2013MNRAS.430.1447K},
  adsnote = {Provided by the SAO/NASA Astrophysics Data System}
}

@ARTICLE{Kawinwanichakij16,
   author = {{Kawinwanichakij}, L. and {Quadri}, R.~F. and {Papovich}, C. and 
	{Kacprzak}, G.~G. and {Labb{\'e}}, I. and {Spitler}, L.~R. and 
	{Straatman}, C.~M.~S. and {Tran}, K.-V.~H. and {Allen}, R. and 
	{Behroozi}, P. and {Cowley}, M. and {Dekel}, A. and {Glazebrook}, K. and 
	{Hartley}, W.~G. and {Kelson}, D.~D. and {Koo}, D.~C. and {Lee}, S.-K. and 
	{Lu}, Y. and {Nanayakkara}, T. and {Persson}, S.~E. and {Primack}, J. and 
	{Tilvi}, V. and {Tomczak}, A.~R. and {van Dokkum}, P.},
    title = "{Satellite Quenching and Galactic Conformity at 0.3 $\lt$ z $\lt$ 2.5}",
  journal = {\apj},
archivePrefix = "arXiv",
   eprint = {1511.02862},
 keywords = {galaxies: evolution, galaxies: halos, galaxies: high-redshift, galaxies: statistics},
     year = 2016,
    month = jan,
   volume = 817,
      eid = {9},
    pages = {9},
      doi = {10.3847/0004-637X/817/1/9},
   adsurl = {http://adsabs.harvard.edu/abs/2016ApJ...817....9K},
  adsnote = {Provided by the SAO/NASA Astrophysics Data System}
}

@ARTICLE{Klypin11,
   author = {{Klypin}, A.~A. and {Trujillo-Gomez}, S. and {Primack}, J.},
    title = "{Dark Matter Halos in the Standard Cosmological Model: Results from the Bolshoi Simulation}",
  journal = {\apj},
archivePrefix = "arXiv",
   eprint = {1002.3660},
 keywords = {cosmology: theory, large-scale structure of universe, methods: numerical},
     year = 2011,
    month = oct,
   volume = 740,
      eid = {102},
    pages = {102},
      doi = {10.1088/0004-637X/740/2/102},
   adsurl = {http://adsabs.harvard.edu/abs/2011ApJ...740..102K},
  adsnote = {Provided by the SAO/NASA Astrophysics Data System}
}

@ARTICLE{Lonsdale03,
   author = {{Lonsdale}, C.~J. and {Smith}, H.~E. and {Rowan-Robinson}, M. and 
	{Surace}, J. and {Shupe}, D. and {Xu}, C. and {Oliver}, S. and 
	{Padgett}, D. and {Fang}, F. and {Conrow}, T. and {Franceschini}, A. and 
	{Gautier}, N. and {Griffin}, M. and {Hacking}, P. and {Masci}, F. and 
	{Morrison}, G. and {O'Linger}, J. and {Owen}, F. and {P{\'e}rez-Fournon}, I. and 
	{Pierre}, M. and {Puetter}, R. and {Stacey}, G. and {Castro}, S. and 
	{Polletta}, M.~d.~C. and {Farrah}, D. and {Jarrett}, T. and 
	{Frayer}, D. and {Siana}, B. and {Babbedge}, T. and {Dye}, S. and 
	{Fox}, M. and {Gonzalez-Solares}, E. and {Salaman}, M. and {Berta}, S. and 
	{Condon}, J.~J. and {Dole}, H. and {Serjeant}, S.},
    title = "{SWIRE: The SIRTF Wide-Area Infrared Extragalactic Survey}",
  journal = {\pasp},
   eprint = {arXiv:astro-ph/0305375},
 keywords = {Surveys, Galaxies: Evolution, Galaxies: Active, Cosmology: Large-Scale Structure of Universe, infrared: galaxies},
     year = 2003,
    month = aug,
   volume = 115,
    pages = {897-927},
      doi = {10.1086/376850},
   adsurl = {http://adsabs.harvard.edu/abs/2003PASP..115..897L},
  adsnote = {Provided by the SAO/NASA Astrophysics Data System}
}

@ARTICLE{Martin05,
   author = {{Martin}, D.~C. and {Fanson}, J. and {Schiminovich}, D. and 
	{Morrissey}, P. and {Friedman}, P.~G. and {Barlow}, T.~A. and 
	{Conrow}, T. and {Grange}, R. and {Jelinsky}, P.~N. and {Milliard}, B. and 
	{Siegmund}, O.~H.~W. and {Bianchi}, L. and {Byun}, Y.-I. and 
	{Donas}, J. and {Forster}, K. and {Heckman}, T.~M. and {Lee}, Y.-W. and 
	{Madore}, B.~F. and {Malina}, R.~F. and {Neff}, S.~G. and {Rich}, R.~M. and 
	{Small}, T. and {Surber}, F. and {Szalay}, A.~S. and {Welsh}, B. and 
	{Wyder}, T.~K.},
    title = "{The Galaxy Evolution Explorer: A Space Ultraviolet Survey Mission}",
  journal = {\apjl},
   eprint = {astro-ph/0411302},
 keywords = {Galaxies: Evolution, Galaxies: General, Space Vehicles: Instruments, Surveys, Ultraviolet: Galaxies, Ultraviolet: General},
     year = 2005,
    month = jan,
   volume = 619,
    pages = {L1-L6},
      doi = {10.1086/426387},
   adsurl = {http://adsabs.harvard.edu/abs/2005ApJ...619L...1M},
  adsnote = {Provided by the SAO/NASA Astrophysics Data System}
}

@ARTICLE{Matthews13,
   author = {{Matthews}, D.~J. and {Newman}, J.~A. and {Coil}, A.~L. and 
	{Cooper}, M.~C. and {Gwyn}, S.~D.~J.},
    title = "{Extended Photometry for the DEEP2 Galaxy Redshift Survey: A Testbed for Photometric Redshift Experiments}",
  journal = {\apjs},
archivePrefix = "arXiv",
   eprint = {1210.2405},
 primaryClass = "astro-ph.CO",
 keywords = {astrometry, catalogs, galaxies: distances and redshifts, galaxies: photometry, surveys, techniques: photometric },
     year = 2013,
    month = feb,
   volume = 204,
      eid = {21},
    pages = {21},
      doi = {10.1088/0067-0049/204/2/21},
   adsurl = {http://adsabs.harvard.edu/abs/2013ApJS..204...21M},
  adsnote = {Provided by the SAO/NASA Astrophysics Data System}
}

@ARTICLE{Moustakas13,
   author = {{Moustakas}, J. and {Coil}, A.~L. and {Aird}, J. and {Blanton}, M.~R. and 
	{Cool}, R.~J. and {Eisenstein}, D.~J. and {Mendez}, A.~J. and 
	{Wong}, K.~C. and {Zhu}, G. and {Arnouts}, S.},
    title = "{PRIMUS: Constraints on Star Formation Quenching and Galaxy Merging, and the Evolution of the Stellar Mass Function from z = 0-1}",
  journal = {\apj},
archivePrefix = "arXiv",
   eprint = {1301.1688},
 primaryClass = "astro-ph.CO",
 keywords = {galaxies: evolution, galaxies: high-redshift, large-scale structure of universe, surveys},
     year = 2013,
    month = apr,
   volume = 767,
      eid = {50},
    pages = {50},
      doi = {10.1088/0004-637X/767/1/50},
   adsurl = {http://adsabs.harvard.edu/abs/2013ApJ...767...50M},
  adsnote = {Provided by the SAO/NASA Astrophysics Data System}
}

@ARTICLE{Newman13,
   author = {{Newman}, J.~A. and {Cooper}, M.~C. and {Davis}, M. and {Faber}, S.~M. and 
	{Coil}, A.~L. and {Guhathakurta}, P. and {Koo}, D.~C. and {Phillips}, A.~C. and 
	{Conroy}, C. and {Dutton}, A.~A. and {Finkbeiner}, D.~P. and 
	{Gerke}, B.~F. and {Rosario}, D.~J. and {Weiner}, B.~J. and 
	{Willmer}, C.~N.~A. and {Yan}, R. and {Harker}, J.~J. and {Kassin}, S.~A. and 
	{Konidaris}, N.~P. and {Lai}, K. and {Madgwick}, D.~S. and {Noeske}, K.~G. and 
	{Wirth}, G.~D. and {Connolly}, A.~J. and {Kaiser}, N. and {Kirby}, E.~N. and 
	{Lemaux}, B.~C. and {Lin}, L. and {Lotz}, J.~M. and {Luppino}, G.~A. and 
	{Marinoni}, C. and {Matthews}, D.~J. and {Metevier}, A. and 
	{Schiavon}, R.~P.},
    title = "{The DEEP2 Galaxy Redshift Survey: Design, Observations, Data Reduction, and Redshifts}",
  journal = {\apjs},
archivePrefix = "arXiv",
   eprint = {1203.3192},
 keywords = {cosmology: observations, galaxies: distances and redshifts, galaxies: evolution, galaxies: fundamental parameters, galaxies: high-redshift, galaxies: statistics, large-scale structure of universe, methods: data analysis, surveys},
     year = 2013,
    month = sep,
   volume = 208,
      eid = {5},
    pages = {5},
      doi = {10.1088/0067-0049/208/1/5},
   adsurl = {http://adsabs.harvard.edu/abs/2013ApJS..208....5N},
  adsnote = {Provided by the SAO/NASA Astrophysics Data System}
}

@ARTICLE{Newman12,
   author = {{Newman}, J.~A. and {Cooper}, M.~C. and {Davis}, M. and {Faber}, S.~M. and 
	{Coil}, A.~L. and {Guhathakurta}, P. and {Koo}, D.~C. and {Phillips}, A.~C. and 
	{Conroy}, C. and {Dutton}, A.~A. and {Finkbeiner}, D.~P. and 
	{Gerke}, B.~F. and {Rosario}, D.~J. and {Weiner}, B.~J. and 
	{Willmer}, C.~N.~A. and {Yan}, R. and {Harker}, J.~J. and {Kassin}, S.~A. and 
	{Konidaris}, N.~P. and {Lai}, K. and {Madgwick}, D.~S. and {Noeske}, K.~G. and 
	{Wirth}, G.~D. and {Connolly}, A.~J. and {Kaiser}, N. and {Kirby}, E.~N. and 
	{Lemaux}, B.~C. and {Lin}, L. and {Lotz}, J.~M. and {Luppino}, G.~A. and 
	{Marinoni}, C. and {Matthews}, D.~J. and {Metevier}, A. and 
	{Schiavon}, R.~P.},
    title = "{The DEEP2 Galaxy Redshift Survey: Design, Observations, Data Reduction, and Redshifts}",
  journal = {ArXiv e-prints},
archivePrefix = "arXiv",
   eprint = {1203.3192},
 primaryClass = "astro-ph.CO",
 keywords = {Astrophysics - Cosmology and Extragalactic Astrophysics, Astrophysics - Galaxy Astrophysics},
     year = 2012,
    month = mar,
   adsurl = {http://adsabs.harvard.edu/abs/2012arXiv1203.3192N},
  adsnote = {Provided by the SAO/NASA Astrophysics Data System}
}

@ARTICLE{Noeske07,
   author = {{Noeske}, K.~G. and {Faber}, S.~M. and {Weiner}, B.~J. and {Koo}, D.~C. and 
	{Primack}, J.~R. and {Dekel}, A. and {Papovich}, C. and {Conselice}, C.~J. and 
	{Le Floc'h}, E. and {Rieke}, G.~H. and {Coil}, A.~L. and {Lotz}, J.~M. and 
	{Somerville}, R.~S. and {Bundy}, K.},
    title = "{Star Formation in AEGIS Field Galaxies since z=1.1: Staged Galaxy Formation and a Model of Mass-dependent Gas Exhaustion}",
  journal = {\apjl},
   eprint = {astro-ph/0703056},
 keywords = {Galaxies: Evolution, Galaxies: Formation, Galaxies: High-Redshift, Galaxies: Starburst},
     year = 2007,
    month = may,
   volume = 660,
    pages = {L47-L50},
      doi = {10.1086/517927},
   adsurl = {http://adsabs.harvard.edu/abs/2007ApJ...660L..47N},
  adsnote = {Provided by the SAO/NASA Astrophysics Data System}
}

@ARTICLE{Oliver00,
   author = {{Oliver}, S. and {Rowan-Robinson}, M. and {Alexander}, D.~M. and 
	{Almaini}, O. and {Balcells}, M. and {Baker}, A.~C. and {Barcons}, X. and 
	{Barden}, M. and {Bellas-Velidis}, I. and {Cabrera-Guerra}, F. and 
	{Carballo}, R. and {Cesarsky}, C.~J. and {Ciliegi}, P. and {Clements}, D.~L. and 
	{Crockett}, H. and {Danese}, L. and {Dapergolas}, A. and {Drolias}, B. and 
	{Eaton}, N. and {Efstathiou}, A. and {Egami}, E. and {Elbaz}, D. and 
	{Fadda}, D. and {Fox}, M. and {Franceschini}, A. and {Genzel}, R. and 
	{Goldschmidt}, P. and {Graham}, M. and {Gonzalez-Serrano}, J.~I. and 
	{Gonzalez-Solares}, E.~A. and {Granato}, G.~L. and {Gruppioni}, C. and 
	{Herbstmeier}, U. and {H{\'e}raudeau}, P. and {Joshi}, M. and 
	{Kontizas}, E. and {Kontizas}, M. and {Kotilainen}, J.~K. and 
	{Kunze}, D. and {La Franca}, F. and {Lari}, C. and {Lawrence}, A. and 
	{Lemke}, D. and {Linden-V{\o}rnle}, M.~J.~D. and {Mann}, R.~G. and 
	{M{\'a}rquez}, I. and {Masegosa}, J. and {Mattila}, K. and {McMahon}, R.~G. and 
	{Miley}, G. and {Missoulis}, V. and {Mobasher}, B. and {Morel}, T. and 
	{N{\o}rgaard-Nielsen}, H. and {Omont}, A. and {Papadopoulos}, P. and 
	{Perez-Fournon}, I. and {Puget}, J.-L. and {Rigopoulou}, D. and 
	{Rocca-Volmerange}, B. and {Serjeant}, S. and {Silva}, L. and 
	{Sumner}, T. and {Surace}, C. and {Vaisanen}, P. and {van der Werf}, P.~P. and 
	{Verma}, A. and {Vigroux}, L. and {Villar-Martin}, M. and {Willott}, C.~J.
	},
    title = "{The European Large Area ISO Survey - I. Goals, definition and observations}",
  journal = {\mnras},
   eprint = {arXiv:astro-ph/0003263},
 keywords = {SURVEYS, GALAXIES: ACTIVE, GALAXIES: EVOLUTION, GALAXIES: STARBURST, INFRARED: GALAXIES, INFRARED: STARS},
     year = 2000,
    month = aug,
   volume = 316,
    pages = {749-767},
      doi = {10.1046/j.1365-8711.2000.03550.x},
   adsurl = {http://adsabs.harvard.edu/abs/2000MNRAS.316..749O},
  adsnote = {Provided by the SAO/NASA Astrophysics Data System}
}

@ARTICLE{Pierre07,
   author = {{Pierre}, M. and {Chiappetti}, L. and {Pacaud}, F. and {Gueguen}, A. and 
	{Libbrecht}, C. and {Altieri}, B. and {Aussel}, H. and {Gandhi}, P. and 
	{Garcet}, O. and {Gosset}, E. and {Paioro}, L. and {Ponman}, T.~J. and 
	{Read}, A.~M. and {Refregier}, A. and {Starck}, J.-L. and {Surdej}, J. and 
	{Valtchanov}, I. and {Adami}, C. and {Alloin}, D. and {Alshino}, A. and 
	{Andreon}, S. and {Birkinshaw}, M. and {Bremer}, M. and {Detal}, A. and 
	{Duc}, P.-A. and {Galaz}, G. and {Jones}, L. and {Le F{\`e}vre}, J.-P. and 
	{Le F{\`e}vre}, O. and {Maccagni}, D. and {Mazure}, A. and {Quintana}, H. and 
	{R{\"o}ttgering}, H.~J.~A. and {Sprimont}, P.-G. and {Tasse}, C. and 
	{Trinchieri}, G. and {Willis}, J.~P.},
    title = "{The XMM-Large Scale Structure catalogue: X-ray sources and associated optical data. Version I}",
  journal = {\mnras},
archivePrefix = "arXiv",
   eprint = {0708.3299},
 keywords = {catalogues, surveys, X-rays: general},
     year = 2007,
    month = nov,
   volume = 382,
    pages = {279-290},
      doi = {10.1111/j.1365-2966.2007.12354.x},
   adsurl = {http://adsabs.harvard.edu/abs/2007MNRAS.382..279P},
  adsnote = {Provided by the SAO/NASA Astrophysics Data System}
}

@ARTICLE{Pierre04,
   author = {{Pierre}, M. and {Valtchanov}, I. and {Altieri}, B. and {Andreon}, S. and 
	{Bolzonella}, M. and {Bremer}, M. and {Disseau}, L. and {Dos Santos}, S. and 
	{Gandhi}, P. and {Jean}, C. and {Pacaud}, F. and {Read}, A. and 
	{Refregier}, A. and {Willis}, J. and {Adami}, C. and {Alloin}, D. and 
	{Birkinshaw}, M. and {Chiappetti}, L. and {Cohen}, A. and {Detal}, A. and 
	{Duc}, P.-A. and {Gosset}, E. and {Hjorth}, J. and {Jones}, L. and 
	{Le F{\`e}vre}, O. and {Lonsdale}, C. and {Maccagni}, D. and 
	{Mazure}, A. and {McBreen}, B. and {McCracken}, H. and {Mellier}, Y. and 
	{Ponman}, T. and {Quintana}, H. and {Rottgering}, H. and {Smette}, A. and 
	{Surdej}, J. and {Starck}, J.-L. and {Vigroux}, L. and {White}, S.
	},
    title = "{The XMM-LSS survey. Survey design and first results}",
  journal = {\jcap},
   eprint = {arXiv:astro-ph/0305191},
     year = 2004,
    month = sep,
   volume = 9,
      eid = {011},
    pages = {11},
      doi = {10.1088/1475-7516/2004/09/011},
   adsurl = {http://adsabs.harvard.edu/abs/2004JCAP...09..011P},
  adsnote = {Provided by the SAO/NASA Astrophysics Data System}
}

@ARTICLE{Scoville07,
   author = {{Scoville}, N. and {Aussel}, H. and {Brusa}, M. and {Capak}, P. and 
	{Carollo}, C.~M. and {Elvis}, M. and {Giavalisco}, M. and {Guzzo}, L. and 
	{Hasinger}, G. and {Impey}, C. and {Kneib}, J.-P. and {LeFevre}, O. and 
	{Lilly}, S.~J. and {Mobasher}, B. and {Renzini}, A. and {Rich}, R.~M. and 
	{Sanders}, D.~B. and {Schinnerer}, E. and {Schminovich}, D. and 
	{Shopbell}, P. and {Taniguchi}, Y. and {Tyson}, N.~D.},
    title = "{The Cosmic Evolution Survey (COSMOS): Overview}",
  journal = {\apjs},
   eprint = {arXiv:astro-ph/0612305},
 keywords = {Cosmology: Observations, Cosmology: Dark Matter, Galaxies: Evolution, Galaxies: Formation, Cosmology: Large-Scale Structure of Universe, Surveys},
     year = 2007,
    month = sep,
   volume = 172,
    pages = {1-8},
      doi = {10.1086/516585},
   adsurl = {http://adsabs.harvard.edu/abs/2007ApJS..172....1S},
  adsnote = {Provided by the SAO/NASA Astrophysics Data System}
}

@ARTICLE{Tinker10,
   author = {{Tinker}, J.~L. and {Wechsler}, R.~H. and {Zheng}, Z.},
    title = "{Interpreting the Clustering of Distant Red Galaxies}",
  journal = {\apj},
archivePrefix = "arXiv",
   eprint = {0902.1748},
 primaryClass = "astro-ph.CO",
 keywords = {galaxies: halos, galaxies: high-redshift, galaxies: statistics, large-scale structure of universe},
     year = 2010,
    month = jan,
   volume = 709,
    pages = {67},
      doi = {10.1088/0004-637X/709/1/67},
   adsurl = {http://adsabs.harvard.edu/abs/2010ApJ...709...67T},
  adsnote = {Provided by the SAO/NASA Astrophysics Data System}
}

@ARTICLE{Weinmann06,
   author = {{Weinmann}, S.~M. and {van den Bosch}, F.~C. and {Yang}, X. and 
	{Mo}, H.~J.},
    title = "{Properties of galaxy groups in the Sloan Digital Sky Survey - I. The dependence of colour, star formation and morphology on halo mass}",
  journal = {\mnras},
   eprint = {astro-ph/0509147},
 keywords = {methods: statistical, galaxies: clusters: general, galaxies: evolution, galaxies: general, galaxies: haloes, galaxies: statistics},
     year = 2006,
    month = feb,
   volume = 366,
    pages = {2-28},
      doi = {10.1111/j.1365-2966.2005.09865.x},
   adsurl = {http://adsabs.harvard.edu/abs/2006MNRAS.366....2W},
  adsnote = {Provided by the SAO/NASA Astrophysics Data System}
}

@ARTICLE{Werner04,
   author = {{Werner}, M.~W. and {Roellig}, T.~L. and {Low}, F.~J. and {Rieke}, G.~H. and 
	{Rieke}, M. and {Hoffmann}, W.~F. and {Young}, E. and {Houck}, J.~R. and 
	{Brandl}, B. and {Fazio}, G.~G. and {Hora}, J.~L. and {Gehrz}, R.~D. and 
	{Helou}, G. and {Soifer}, B.~T. and {Stauffer}, J. and {Keene}, J. and 
	{Eisenhardt}, P. and {Gallagher}, D. and {Gautier}, T.~N. and 
	{Irace}, W. and {Lawrence}, C.~R. and {Simmons}, L. and {Van Cleve}, J.~E. and 
	{Jura}, M. and {Wright}, E.~L. and {Cruikshank}, D.~P.},
    title = "{The Spitzer Space Telescope Mission}",
  journal = {\apjs},
   eprint = {astro-ph/0406223},
 keywords = {Space Vehicles: Instruments, Telescopes},
     year = 2004,
    month = sep,
   volume = 154,
    pages = {1-9},
      doi = {10.1086/422992},
   adsurl = {http://adsabs.harvard.edu/abs/2004ApJS..154....1W},
  adsnote = {Provided by the SAO/NASA Astrophysics Data System}
}

@INPROCEEDINGS{Wittman02,
   author = {{Wittman}, D.~M. and {Tyson}, J.~A. and {Dell'Antonio}, I.~P. and 
	{Becker}, A. and {Margoniner}, V. and {Cohen}, J.~G. and {Norman}, D. and 
	{Loomba}, D. and {Squires}, G. and {Wilson}, G. and {Stubbs}, C.~W. and 
	{Hennawi}, J. and {Spergel}, D.~N. and {Boeshaar}, P. and {Clocchiatti}, A. and 
	{Hamuy}, M. and {Bernstein}, G. and {Gonzalez}, A. and {Guhathakurta}, P. and 
	{Hu}, W. and {Seljak}, U. and {Zaritsky}, D.},
    title = "{Deep lens survey}",
booktitle = {Survey and Other Telescope Technologies and Discoveries},
     year = 2002,
   series = {\procspie},
   volume = 4836,
   eprint = {astro-ph/0210118},
   editor = {{Tyson}, J.~A. and {Wolff}, S.},
    month = dec,
    pages = {73-82},
      doi = {10.1117/12.457348},
   adsurl = {http://adsabs.harvard.edu/abs/2002SPIE.4836...73W},
  adsnote = {Provided by the SAO/NASA Astrophysics Data System}
}

@ARTICLE{Wright10,
   author = {{Wright}, E.~L. and {Eisenhardt}, P.~R.~M. and {Mainzer}, A.~K. and 
	{Ressler}, M.~E. and {Cutri}, R.~M. and {Jarrett}, T. and {Kirkpatrick}, J.~D. and 
	{Padgett}, D. and {McMillan}, R.~S. and {Skrutskie}, M. and 
	{Stanford}, S.~A. and {Cohen}, M. and {Walker}, R.~G. and {Mather}, J.~C. and 
	{Leisawitz}, D. and {Gautier}, III, T.~N. and {McLean}, I. and 
	{Benford}, D. and {Lonsdale}, C.~J. and {Blain}, A. and {Mendez}, B. and 
	{Irace}, W.~R. and {Duval}, V. and {Liu}, F. and {Royer}, D. and 
	{Heinrichsen}, I. and {Howard}, J. and {Shannon}, M. and {Kendall}, M. and 
	{Walsh}, A.~L. and {Larsen}, M. and {Cardon}, J.~G. and {Schick}, S. and 
	{Schwalm}, M. and {Abid}, M. and {Fabinsky}, B. and {Naes}, L. and 
	{Tsai}, C.-W.},
    title = "{The Wide-field Infrared Survey Explorer (WISE): Mission Description and Initial On-orbit Performance}",
  journal = {\aj},
archivePrefix = "arXiv",
   eprint = {1008.0031},
 primaryClass = "astro-ph.IM",
 keywords = {infrared: general, space vehicles, surveys},
     year = 2010,
    month = dec,
   volume = 140,
      eid = {1868},
    pages = {1868-1881},
      doi = {10.1088/0004-6256/140/6/1868},
   adsurl = {http://adsabs.harvard.edu/abs/2010AJ....140.1868W},
  adsnote = {Provided by the SAO/NASA Astrophysics Data System}
}